@book{tsokos2014physics,
  title={Physics for the IB Diploma},
  author={Tsokos, K.A.},
  year={2014},
  edition={6th},
  publisher={Cambridge University Press},
  address={Cambridge}
}

@book{homer2019physics,
  title={Physics for the IB Diploma Coursebook},
  author={Homer, David and Bowen-Jones, Michael},
  year={2019},
  edition={6th},
  publisher={Cambridge University Press},
  address={Cambridge}
}

@book{anderson2016fundamentals,
  title={Fundamentals of Aerodynamics},
  author={Anderson, John D.},
  year={2016},
  edition={6th},
  publisher={McGraw-Hill Education},
  address={New York}
}

@book{white2015fluid,
  title={Fluid Mechanics},
  author={White, Frank M.},
  year={2015},
  edition={8th},
  publisher={McGraw-Hill Education},
  address={New York}
}

@book{versteeg2007computational,
  title={An Introduction to Computational Fluid Dynamics: The Finite Volume Method},
  author={Versteeg, H.K. and Malalasekera, W.},
  year={2007},
  edition={2nd},
  publisher={Pearson Education Limited},
  address={Harlow}
}

@article{launder1974application,
  title={The numerical computation of turbulent flows},
  author={Launder, B.E. and Spalding, D.B.},
  journal={Computer Methods in Applied Mechanics and Engineering},
  volume={3},
  number={2},
  pages={269--289},
  year={1974},
  publisher={Elsevier}
}

@book{munson2016fundamentals,
  title={Fundamentals of Fluid Mechanics},
  author={Munson, Bruce R. and Okiishi, Theodore H. and Huebsch, Wade W. and Rothmayer, Alric P.},
  year={2016},
  edition={8th},
  publisher={John Wiley \& Sons},
  address={Hoboken}
}

@manual{ansys2023fluent,
  title={ANSYS Fluent User's Guide},
  organization={ANSYS Inc.},
  year={2023},
  address={Canonsburg, PA}
}

@book{blazek2015computational,
  title={Computational Fluid Dynamics: Principles and Applications},
  author={Blazek, Jiri},
  year={2015},
  edition={3rd},
  publisher={Butterworth-Heinemann},
  address={Oxford}
}

@online{ib_physics_data,
  title={Physics Data Booklet},
  organization={International Baccalaureate Organization},
  year={2023},
  url={https://www.ibo.org/programmes/diploma-programme/curriculum/sciences/physics/},
  urldate={2024-08-25}
}